% Encoding: UTF-8

@book {metoden:vergleich,
  author = { Müller-Herber, Sabine },
  title = { Methoden zur Beurteilung von Varianten },
  year = {2007},
  month = apr,
  url = { http://www.igp.uni-stuttgart.de/publika/pdf/methoden.pdf },
  file = {PDF:/Quellen/vergleich-methoden.pdf:PDF},
}

@book {TN_libero_mab21000123709,
  author = { Gusig, Lars-Oliver and Kruse, Arne },
  title = { Fahrzeugentwicklung im Automobilbau: aktuelle Werkzeuge für den Praxiseinsatz },
  publisher = {Hanser},
  isbn = {9783446419681},
  isbn = {3446419683},
  keywords = { Kraftfahrzeugbau , Produktentwicklung , f , Lehrbuch },
  year = {2010},
  booktitle = {Fahrzeugtechnik},
  url = { http://slubdd.de/katalog?TN_libero_mab2)1000123709 },
}

@book {TN_libero_mab215408815,
  author = { Rasspe-Dahmann, Wolfgang },
  title = { Investitionsmanagement: Praxishandbuch für Unternehmer und Führungskräfte },
  publisher = {Schäffer-Poeschel},
  isbn = {9783791029764},
  isbn = {3791029762},
  keywords = { Investition , Finanzmanagement , Strategisches Management },
  year = {2011},
}


@Misc{w:blog:shirriff,
  author       = {Shirriff, Ken},
  editor       = {},
  title        = {Hidden surprises in the Bitcoin blockchain and how they are stored},
  year         = {2016},
  month = feb,
  urldate      = {2017-12-10},
  url          = {http://www.righto.com/2014/02/ascii-bernanke-wikileaks-photographs.html},
}

@Misc{w:bcdb:features,
  author       = {},
  editor       = {},
  title        = {Features -- Blockchains Meet Big Data},
  year         = {2017},
  urldate      = {2018-01-15},
  url          = {https://www.bigchaindb.com/features/},
}

@Misc{p:rbbc,
  author       = {Crain, Tyler and Gramoli, Vincent and Larrea, Mikel and Raynal, Michel },
  editor       = {},
  title        = {(Leader/Randomization/Signature)-free Byzantine Consensus for Consortium Blockchains},
  year         = {2017},
  month        = may,
  urldate      = {2018-01-15},
  url          = {http://poseidon.it.usyd.edu.au:80/~concurrentsystems/doc/ConsensusRedBellyBlockchain.pdf},
}

@Misc{w:rbbc,
  author       = {},
  editor       = {},
  publisher    = {School of Information Technologies -- University of Sydney},
  title        = {Red Belly Blockchain},
  year         = {2017},
  urldate      = {2018-01-15},
  url          = {http://poseidon.it.usyd.edu.au:80/~concurrentsystems/rbbc/},
}

@Misc{w:rebealley:sydney,
  author       = {},
  editor       = {},
  publisher    = {University of Sydney},
  title        = {Fast and safe blockchain being developed at University of Sydney},
  year         = {2017},
  month        = jul,
  urldate      = {2018-01-23},
  url          = {https://sydney.edu.au/news-opinion/news/2017/07/03/fast-and-safe-blockchain-being-developed-at-university-of-sydney.html},
}

@Misc{w:hyperledger:doc,
  author       = {},
  editor       = {},
  publisher    = {Hyperledger Project},
  title        = {hyperledger-fabric docs},
  year         = {2017},
  urldate      = {2017-12-20},
  url          = {https://hyperledger-fabric.readthedocs.io/en/release/},
}

@Misc{w:license:agpl3,
  publisher    = {Free Software Foundation},
  title        = {GNU Affero General Public License},
  year         = {2007},
  urldate      = {2017-12-20},
  url          = {https://www.gnu.org/licenses/agpl-3.0.en.html},
}

@Misc{w:license:al2,
  publisher    = {The Apache Software Foundation},
  title        = {Apache License},
  version      = {2.0},
  year         = {2004},
  urldate      = {2017-12-20},
  url          = {https://www.apache.org/licenses/LICENSE-2.0},
}

@Misc{w:license:lgpl3,
  publisher    = {Free Software Foundation},
  title        = {GNU Lesser General Public License},
  year         = {2007},
  urldate      = {2017-12-20},
  url          = {https://www.gnu.org/licenses/lgpl-3.0.en.html},
}

@Misc{w:kafka,
  author       = {},
  editor       = {},
  publisher    = {Apache Software Foundation},
  title        = {Apache Kafka: A distributed spreaming platform},
  year         = {2017},
  edition      = {1.0},
  urldate      = {2017-12-24},
  url          = {https://kafka.apache.org/documentation/},
}

@Misc{w:hyperledger:membership,
  author       = {},
  editor       = {},
  publisher    = {Hyperledger Project},
  title        = {Join Hyperledger -- Corporate Sponsorship},
  year         = {2017},
  note         = {},
  urldate      = {2017-12-23},
  url          = {https://hyperledger.org/members/join},
}

@Misc{p:hyperledger:consensus,
  author       = {},
  editor       = {},
  publisher    = {Hyperledger Working Group},
  title        = {Hyperledger Architecture: Introduction to Hyperledger Business Blockchain Design Philosophy and Consensus},
  volume       = {1},
  year         = {2017},
  note         = {},
  urldate      = {2018-01-20},
  url          = {https://www.hyperledger.org/wp-content/uploads/2017/08/Hyperledger_Arch_WG_Paper_1_Consensus.pdf},
  file         = {PDF:/Quellen/Hyperledger_Arch_WG_Paper_1_Consensus.pdf:PDF},
}

@book{b:strassert:entscheidungen,
	author = {Strassert, Günter},
	title = {Das Abwägungsproblem bei multikriteriellen Entscheidungen: Grundlagen und Lösungsansatz - unter besonderer Berücksichtigung der Regionalplanung},
	publisher = {Lang, Peter},
	isbn = {3631490267},
	isbn = {9783631490266},
	keywords = { Regionalplanung , Multikriteria-Entscheidung , Abwägung },
	year = {1995},
}

@Misc{w:originstamp,
  title        = {Trusted Timestamping},
  urldate      = {2017-12-15},
  url          = {https://app.originstamp.org/},
}

@Misc{w:openbazaar,
  title        = {OpenBazaar},
  urldate      = {2017-12-15},
  url          = {https://www.openbazaar.org/},
}

@Misc{w:twitch:assange:timestamping,
  title        = {Assange Video-Feed vom Nachmittag 10.01.2017},
  note         = {Video-Aufzeichnung auf Twitch via Reddit, Audiospur zusätzlich abgelegt},
  year         = {2017},
  month        = jan,
  urldate      = {2017-12-15},
  url          = {https://www.twitch.tv/reddit/v/113771480?t=01h53m00s},
  file         = {/Quellen/Reddit-v113771480.mp4},
}

@Misc{w:bitcoin:storeddata,
  title        = {How is the whitepaper decoded from the blockchain},
  note         = {Frage auf StackExchange},
  urldate      = {2017-12-07},
  url          = {https://bitcoin.stackexchange.com/questions/35959/how-is-the-whitepaper-decoded-from-the-blockchain-tx-with-1000x-m-of-n-multisi},
}

@Misc{w:dgn:timestamtservice,
  title        = {DGN Zeitstempeldienst},
  note         = {},
  urldate      = {2017-12-02},
  url          = {https://www.dgn.de/dgn-zeitstempeldienst/},
}

@Misc{w:dfn:timestamtservice,
  title        = {DFN Zeitstempeldienst},
  note         = {},
  urldate      = {2017-12-02},
  url          = {https://www.pki.dfn.de/zeitstempeldienst/},
}

@Misc{w:swisssign:timestamtservice,
  title        = {Zeitstempel und Time Stamping Service},
  note         = {},
  urldate      = {2017-12-02},
  url          = {https://www.swisssign.com/de/signing/time-stamping-services},
}

@Misc{w:cmc,
  title        = {Cryptocurrency Market Capitalizations},
  note         = {},
  urldate      = {2017-12-01},
  url          = {https://coinmarketcap.com/},
}

@Misc{w:eea:launch,
  title        = {World’s Largest Blockchain Initiative Launches Three Working Groups},
  note         = {},
  month        = dec,
  year         = {2017},
  urldate      = {2018-01-11},
  url          = {https://web.archive.org/web/20180114184419/https://entethalliance.org/worlds-largest-blockchain-initiative-launches-three-working-groups/},
}

@Misc{w:bitcointalk-bitdns,
  title        = {BitDNS and Generalizing Bitcoin},
  note         = {Auf bitcointalk.org},
  urldate      = {2017-12-01},
  url          = {https://bitcointalk.org/index.php?topic=1790.0;all},
}

@Misc{w:bigchaindb-proddepl,
  title        = {Production Deployment Template},
  note         = {},
  urldate      = {2017-12-10},
  url          = {https://docs.bigchaindb.com/projects/server/en/latest/production-deployment-template/index.html},
}

@Misc{w:bigchaindb-enterprise,
  title        = {BigchainDB Enterprise},
  note         = {},
  urldate      = {2017-12-10},
  url          = {https://www.bigchaindb.com/enterprise/},
}

@Misc{w:github-bigchaindb-pp,
  title        = {Ideas on how to share private data on a public blockchain},
  note         = {Auf GitHub},
  urldate      = {2017-12-05},
  url          = {https://github.com/bigchaindb/privacy-protocols},
}

@Misc{w:github-hyperledger,
  title        = {Hyperledger Repository},
  note         = {Auf GitHub},
  urldate      = {2017-12-05},
  url          = {https://hyperledger.github.io/},
}

@Misc{w:bccm,
  title        = {Blockchain Competence Center Mittweida},
  note         = {},
  urldate      = {2017-12-04},
  url          = {http://blockchain.hs-mittweida.de/},
}

@Misc{w:jobsearch-bc-stepstone,
  title        = {Suche nach Jobs um „Blockchain“ bei StepStone},
  note         = {Archivierte Suchanfrage},
  urldate      = {2018-01-14},
  url          = {https://web.archive.org/web/20180114192420/https://www.stepstone.de/5/ergebnisliste.html?ke=blockchain},
}

@Misc{w:jobsearch-bc-itsax,
  title        = {Suche nach Jobs um „Blockchain“ bei IT-Sax.de},
  note         = {Archivierte Suchanfrage},
  urldate      = {2018-01-14},
  url          = {https://web.archive.org/web/20180114181102/https://www.itsax.de/IT-jobs/search?q=blockchain},
}

@Misc{w:hyperledger:txworkflow,
  title        = {Transaction Flow},
  publisher    = {Hyperledger Project},
  note         = {},
  urldate      = {2018-01-19},
  url          = {http://hyperledger-fabric.readthedocs.io/en/release/txflow.html},
}

@Misc{w:iso-osd,
  title        = {The Open Source Definition},
  publisher    = {Open Source Initiative},
  note         = {Zuletzt modifiziert am 22.03.2007},
  urldate      = {2018-01-19},
  url          = {https://fsfe.org/freesoftware/basics/4freedoms.de.html},
}

@Misc{w:fsf-freedoms,
  author       = {Stallman, Richard Martin},
  title        = {The Free Software Definition},
  publisher    = {Free Software Foundation},
  note         = {Version 1.153},
  urldate      = {2018-01-19},
  url          = {https://fsfe.org/freesoftware/basics/4freedoms.de.html},
}

@Misc{p:hyperledger:arch,
  author       = {Cachin, Christian},
  editor       = {},
  title        = {Architecture of the Hyperledger Blockchain Fabric},
  month        = jul,
  year         = {2016},
  note         = {},
  urldate      = {2018-01-20},
  url          = {https://pdfs.semanticscholar.org/f852/c5f3fe649f8a17ded391df0796677a59927f.pdf},
  file         = {PDF:/Quellen/hyperledger-arch.pdf:PDF},
}

@Misc{p:vergleich,
  author       = {Müller-Herbers, Sabine},
  editor       = {},
  title        = {Methoden zur Beurteilung von Varianten},
  publisher    = {Institut für Grundlagen der Planung -- Universität Stuttgart},
  month        = apr,
  year         = {2007},
  issue        = {4},
  note         = {},
  urldate      = {2018-01-16},
  url          = {http://www.igp.uni-stuttgart.de/publika/pdf/methoden.pdf},
  file         = {PDF:/Quellen/vergleich-methoden.pdf:PDF},
}

@Misc{p:bc-edu-eurocommission,
  author       = {Grech, Alexander and Camillert, Anthony F.},
  editor       = {dos Santos, Andreia Inamorato},
  title        = {Blockchain in Education },
  publisher    = {European Commission – Joint Research Center },
  month        = jul,
  year         = {1982},
  pages        = {136},
  ISBN		   = {978-92-79-73497-7},
  doi          = {10.2760/60649},
  abstract     = {This report introduces the fundamental principles of the Blockchain focusing on its potential for the education sector. It explains how this technology may both disrupt institutional norms and empower learners. It proposes eight  scenarios  for  the  application  of  the  Blockchain  in an  education  context,  based  on  the  current  state  of technology development and deployment,},
  note         = {},
  urldate      = {2018-01-16},
  url          = {http://publications.jrc.ec.europa.eu/repository/bitstream/JRC108255/jrc108255_blockchain_in_education\%281\%29.pdf},
  file         = {PDF:/Quellen/jrc108255_blockchain_in_education.pdf:PDF},
}

@article{p:byzantine-original,
  author       = {Lamport, Leslie and Shostak, Robert and Pease, Marshall},
  title        = {The byzantine generals problem},
  journaltitle = {ACM Transactions on Programming Languages and Systems},
  volume       = {4},
  number       = {3},
  month        = jul,
  year         = {1982},
  pages        = {382--401},
  note         = {},
  urldate      = {2017-12-01},
  url          = {http://bnrg.cs.berkeley.edu/~adj/cs16x/hand-outs/Original_Byzantine.pdf},
  file         = {PDF:/Quellen/Original_Byzantine.pdf:PDF},
  url2         = {https://lamport.azurewebsites.net/pubs/the-byz-generals.pdf},
}



@article{p:interledger,
  author       = {Thomas, Stefan and Schwartz, Evan},
  title        = {A Protocol for Interledger Payments},
  month        = feb,
  year         = {2016},
  pages        = {25},
  note         = {},
  urldate      = {2018-01-16},
  file         = {PDF:/Quellen/interledger.pdf:PDF},
  url          = {https://interledger.org/interledger.pdf},
}

@article{p:lightning,
  author       = {Poon, Joseph and Dryja, Thaddeus},
  title        = {The Bitcoin Lightning Network: Scalable Off-Chain Instant Payments},
  month        = jan,
  year         = {2016},
  pages        = {25},
  note         = {},
  urldate      = {2018-01-16},
  file         = {PDF:/Quellen/lightning-network-paper.pdf:PDF},
  url          = {https://lightning.network/lightning-network-paper.pdf},
}

@article{p:comit,
  author       = {Hosp, Julian and Hoenisch, Toby and Kittiwongsunthorn, Paul},
  title        = {COMIT – Cryptographically-secure Off-chain Multi-asset Instant Transaction network},
  month        = jan,
  year         = {2017},
  pages        = {21},
  note         = {},
  urldate      = {2018-01-16},
  file         = {PDF:/Quellen/COMIT-whitepaper-v1.0.2.pdf:PDF},
  url          = {http://www.comit.network/doc/COMIT\%20white\%20paper\%20v1.0.2.pdf},
}

@article{p:hashgraph,
  author       = {Baird, Leemon},
  title        = {The Swirlds Hashgraph Consensus Algorithm: Fair, Fast, Byzantine Fault Tolerance},
  month        = may,
  year         = {2016},
  pages        = {27},
  note         = {},
  urldate      = {2018-01-16},
  file         = {PDF:/Quellen/SWIRLDS-TR-2016-01.pdf:PDF},
  url          = {http://www.swirlds.com/downloads/SWIRLDS-TR-2016-01.pdf},
}

@Misc{p:raft,
  author       = {Ongaro, Diego and Ousterhout, John},
  title        = {In Search of an Understandable Consensus Algorithm},
  month        = may,
  year         = {2014},
  note         = {},
  urldate      = {2018-01-16},
  url          = {https://raft.github.io/raft.pdf},
  file         = {PDF:/Quellen/raft.pdf:PDF},
}

@Misc{p:paxos,
  author       = {Lamport, Leslie},
  title        = {The Part-Time Parliament},
  month        = aug,
  year         = {2000},
  note         = {This article appeared in ACM Transactions on Computer Systems 16, 2 (May 1998), 133-169. Minor corrections were made on 29 August 2000},
  urldate      = {2017-12-01},
  url          = {https://lamport.azurewebsites.net/pubs/lamport-paxos.pdf},
  file         = {PDF:/Quellen/lamport-paxos.pdf:PDF},
}



@Misc{p:paxos-simple,
  author       = {Lamport, Leslie},
  title        = {Paxos Made Simple},
  howpublished = {online},
  month        = nov,
  year         = {2001},
  note         = {},
  urldate      = {2017-12-01},
  abstract     = {The Paxos algorithm, when presented in plain English, is very simple.},
  url          = {https://lamport.azurewebsites.net/pubs/paxos-simple.pdf},
  file = {PDF:/Quellen/paxos-simple.pdf:PDF},
}

@Misc{p:iota,
  author       = {Popov, Serguei},
  title        = {The Tangle},
  howpublished = {online},
  month        = apr,
  year         = {2016},
  note         = {Früheste bekannte Version 0.6 vom 3. Apr 2016 und aktuelle Version 1.3 vom 1. Okt 2017 als PDF verfügbar},
  abstract     = {In this paper we analyze the mathematical foundations
of IOTA, a cryptocurrency for the Internet-of-Things (IoT) industry.
The main feature of this novel cryptocurrency is the tangle, a directed
acyclic graph (DAG) for storing transactions. The tangle naturally
succeeds the blockchain as its next evolutionary step, and offers
features that are required to establish a machine-to-machine
micropayment system.
An essential contribution of this paper is a family of Markov Chain
Monte Carlo (MCMC) algorithms. These algorithms select attachment sites
on the tangle for a transaction that has just arrived.},
  url          = {https://iota.org/IOTA_Whitepaper.pdf},
  file = {PDF:/Quellen/IOTA_Whitepaper0.6.pdf:PDF},
}

@Misc{p:bitcoin,
  author       = {Nakamoto, Satoshi},
  title        = {Bitcoin: A Peer-to-Peer Electronic Cash System},
  howpublished = {online, mail via The Cryptography Mailing List},
  month        = oct,
  year         = {2008},
  note         = {Original Entwurf vom 3. Okt 2008 und korrigierte Publikation vom Mai 2009 als PDF verfügbar},
  abstract     = {A purely peer-to-peer version of electronic cash would allow online
payments to be sent directly from one party to another without going through a
financial institution. Digital signatures provide part of the solution, but the main
benefits are lost if a trusted third party is still required to prevent double-spending.
We propose a solution to the double-spending problem using a peer-to-peer network.
The network timestamps transactions by hashing them into an ongoing chain of
hash-based proof-of-work, forming a record that cannot be changed without redoing
the proof-of-work. The longest chain not only serves as proof of the sequence of
events witnessed, but proof that it came from the largest pool of CPU power. As
long as a majority of CPU power is controlled by nodes that are not cooperating to
attack the network, they'll generate the longest chain and outpace attackers. The
network itself requires minimal structure. Messages are broadcast on a best effort
basis, and nodes can leave and rejoin the network at will, accepting the longest
proof-of-work chain as proof of what happened while they were gone.},
  file         = {PDF:/Quellen/bitcoin-draft.pdf:PDF;PDF:/Quellen/bitcoin.pdf:PDF},
  url          = {http://bitcoin.org/bitcoin.pdf},
}

@Misc{o:cryptographyml,
  title        = {The Cryptography and Cryptography Policy Mailing List},
  howpublished = {mail, online-archive},
  month        = oct,
  year         = {2013},
  note         = {},
  urldate      = {2017-12-02},
  keywords     = {cryptography, policy, cypherpunk},
  url          = {http://www.metzdowd.com/pipermail/cryptography/2008-October/014810.html},
}

@Book{b:spitz-daten,
  title     = {Daten - das Öl des 21. Jahrhunderts?: Nachhaltigkeit im digitalen Zeitalter},
  publisher = {HOFFMANN UND CAMPE VERLAG GmbH},
  year      = {2017},
  author    = {Spitz, Malte},
  month     = oct,
  isbn      = {978-3455000306},
  pages     = {248},
  file      = {PDF:/Quellen/:PDF},
}

@Book{b:mastering-bitcoin,
  title     = {Mastering Bitcoin: Programming the Open Blockchain},
  publisher = {O'Reilly Media},
  year      = {2017},
  author    = {Antonopoulos, Andreas M.},
  edition   = {2},
  month     = jul,
  isbn      = {978-1491954386},
  file      = {PDF:/Quellen/MasteringBitcoin- ProgrammingTheOpenBlockchain.pdf:PDF},
  url       = {https://github.com/bitcoinbook/bitcoinbook/},
}

@Misc{o:open-blockchain,
  author       = {Scott, Allen},
  title        = {Andreas Antonopoulos: ‘The Open Blockchain Will Change This World’},
  howpublished = {online news article via news.bitcoin.com},
  month        = jun,
  year         = {2016},
  abstract     = {Bitcoin expert Andreas Antonopoulos recently told an audience of executives and regulators that private “intranet” blockchains will need to interoperate with “the internet of money” i.e. Bitcoin, whose open blockchain “will change this world.”},
  journal      = {Bitcoin.com News},
  url          = {https://news.bitcoin.com/antonopoulos-open-blockchain/},
  urldate      = {2017-12-06},
}

@Misc{p:ethereum,
  author       = {Buterin, Vitalik},
  title        = {A Next-Generation Smart Contract and Decentralized Application Platform},
  howpublished = {online},
  month        = dec,
  year         = {2013},
  note         = {unter https://www.ethereum.org/pdfs/EthereumWhitePaper.pdf nicht mehr verfügbar},
  file         = {PDF:/Quellen/EthereumWhitePaper.pdf:PDF},
  url          = {http://www.the-blockchain.com/docs/Ethereum_white_paper-a_next_generation_smart_contract_and_decentralized_application_platform-vitalik-buterin.pdf},
  urldate      = {2017-12-01},
}

@Misc{w:bitcoin-wiki,
  title        = {Bitcoin Wiki},
  howpublished = {online},
  keywords     = {bitcoin, blockchain, wiki},
  url          = {https://en.bitcoin.it/wiki/},
  urldate      = {2017-12-02},
}

@Misc{w:irc-ts-bitcoindev,
  title        = {(IRC) Transcript of \#bitcoin-dev for 2010/11/14},
  howpublished = {online},
  keywords     = {bitcoin, irc, dev, transcript},
  url          = {http://veritas.maximilianeum.ch/bitcoin/irc/logs/2010/11/14},
  note         = {Nur noch via Internet Archive verfügbar},
  urldate      = {2017-12-18},
}

@Misc{w:bitcoinde-kurs,
  title        = {Bitcoin Kurs in Euro - Bitcoin Deutschland AG},
  howpublished = {online},
  keywords     = {bitcoin, preis, chart},
  url          = {https://www.bitcoin.de/de/chart},
  urldate      = {2017-12-18},
}

@Misc{w:etherchain-hardforks,
  title        = {Ethereum Hard Fork History - etherchoin.org},
  howpublished = {online},
  keywords     = {blockexplorer, statistics, hardfork, fork},
  url          = {https://www.etherchain.org/hardForks},
  urldate      = {2017-12-18},
}

@Misc{w:blockchain,
  title        = {Blockchain.info},
  howpublished = {online},
  keywords     = {blockexplorer, statistics, transactions},
  owner        = {Blockchain Luxembourg S.A.},
  url          = {https://blockchain.info/},
  urldate      = {2017-12-01},
}

@Misc{w:abschluesse-blockchain,
  publisher    = {Payment Week},
  title        = {IOHK Collaborates with GRNET To Offer Diplomas On The Blockchain},
  howpublished = {online},
  month        = dec,
  year         = {2017},
  abstract     = {Erste Universitäten bieten ihren Studenten auf Blockchain basierte Dienstleistungen an.},
  url          = {https://paymentweek.com/2017-12-20-iohk-collaborates-grnet-offer-diplomas-blockchain/},
  urldate      = {2018-01-16},
}

@Misc{w:blocktivity,
  title        = {Block'tivity},
  howpublished = {online},
  month        = dec,
  year         = {2017},
  keywords     = {cryptocurrencies, value, blockchain, index},
  url          = {https://www.blocktivity.info/},
  urldate      = {2017-12-10},
}

@Misc{w:accenture-patent,
  title        = {Accenture Debuts Prototype of ‘Editable’ Blockchain for Enterprise and Permissioned Systems},
  howpublished = {online},
  month        = sep,
  year         = {2016},
  keywords     = {patent, acenture, blockchain, mutable},
  url          = {https://newsroom.accenture.com/news/accenture-debuts-prototype-of-editable-blockchain-for-enterprise-and-permissioned-systems.htm},
  urldate      = {2017-12-20},
}

@Misc{w:ms-binpatch,
  title        = {Did Microsoft Just Manually Patch Their Equation Editor Executable? Why Yes, Yes They Did. (CVE-2017-11882)},
  howpublished = {online},
  month        = nov,
  year         = {2017},
  keywords     = {microsoft, office, word, equation, editor, patch, lost, source},
  url          = {https://0patch.blogspot.de/2017/11/did-microsoft-just-manually-patch-their.html},
  urldate      = {2017-12-02},
}

@Misc{w:satoshiwatch-dag,
  author       = {„Jabba-Q“},
  title        = {Directed Acyclic Graph DAG (Tangle) is not Blockchain},
  howpublished = {online},
  month        = mar,
  year         = {2017},
  keywords     = {tangle, blockchain, dag, iota},
  url          = {https://satoshiwatch.com/coins/iota/in-depth/iota-dag-tangle/},
  urldate      = {2018-01-16},
}

@Misc{w:iota-centralized,
  author       = {Wall, Eric},
  title        = {IOTA is centralized},
  howpublished = {online, via medium.com},
  month        = jun,
  year         = {2017},
  keywords     = {tangle, blockchain, dag, iota, centralization, market},
  url          = {https://medium.com/@ercwl/iota-is-centralized-6289246e7b4d},
  urldate      = {2018-01-16},
}

@Misc{w:ecb-moneydev,
  publisher    = {European Central Bank},
  title        = {Monetary Developments in the Euro Area},
  howpublished = {online},
  month        = nov,
  year         = {2017},
  keywords     = {euro, money, supply},
  url          = {https://www.ecb.europa.eu/press/pr/stats/md/html/index.en.html},
  file         = {PDF:/Quellen/ecb.md1711.en.pdf},
  urldate      = {2018-01-16},
}

@Misc{w:eth-token,
  publisher    = {Rosic, Ameer},
  title        = {What is An Ethereum Token: The Ultimate Beginner’s Guide},
  howpublished = {online},
  month        = jun,
  year         = {2017},
  keywords     = {ethereum, smartcontract, token},
  url          = {https://blockgeeks.com/guides/ethereum-token/},
  urldate      = {2017-12-21},
}

@Misc{w:btcwiki-script,
  title        = {Bitcoin Wiki: Script},
  howpublished = {online},
  month        = dec,
  year         = {2010},
  keywords     = {bitcoin, script, programming, smartcontract},
  url          = {https://en.bitcoin.it/wiki/Script},
  urldate      = {2017-12-13},
}

@Misc{w:hsmw-bccm-as,
  publisher    = {Blockchain Competence Center Hochschule Mittweida},
  title        = {Blockchain Autumn School 2017,
18.-22. September 2017},
  howpublished = {online und Präsenzveranstaltung},
  month        = sep,
  year         = {2017},
  keywords     = {blockchain, ethereum, bitcoin, dapp, quorum, bigchaindb},
  url          = {http://blockchain.hs-mittweida.de/autumnschool.html},
  urldate      = {2017-12-01},
}

@Misc{w:unic-master-dc,
  title        = {Digital Currency (MSc, 3 Semesters) - Distance Learning},
  howpublished = {online},
  note         = {Website University of Nicosia},
  keywords     = {blockchain, study, master, distance},
  publisher    = {University of Nicosia},
  url          = {https://www.unic.ac.cy/schools/distance-learning/digital-currency-msc-3-semesters-distance-learning},
  urldate      = {2017-12-03},
}

@Book{b:gos-dlt,
  title        = {Distributed ledger technology: beyond block chain},
  publisher    = {Government Office for Science},
  year         = {2016},
  author       = {Walport, Mark},
  editor       = {Peplow, Mark},
  month        = jan,
  abstract     = {Algorithms that enable the creation of distributed ledgers are powerful, disruptive
innovations that could transform the delivery of public and private services and
enhance productivity through a wide range of applications.},
  comment      = {Licensed under OGL v 3.0 nationalarchives.gov.uk/doc/open-government-licence/version/3},
  file         = {PDF:/Quellen/gs-16-1-distributed-ledger-technology.pdf:PDF},
  howpublished = {online},
  url          = {https://www.gov.uk/government/uploads/system/uploads/attachment_data/file/492972/gs-16-1-distributed-ledger-technology.pdf},
  urldate      = {2017-12-20},
}

@book{Raymond:CB,
 author    = {Raymond, Eric Steven},
 editor    = {O'Reilly, Tim},
 title     = {The  Cathedral and the Bazaar},
 year      = {1999},
 isbn      = {1565927249},
 edition   = {1st},
 publisher = {O'Reilly \& Associates, Inc.},
 address   = {Sebastopol, CA, USA},
 url       = {http://www.catb.org/esr/writings/cathedral-bazaar/cathedral-bazaar/},
 urldate   = {2017-03-20},
} 

@Misc{w:steem,
  title        = {Steem.io},
  howpublished = {online},
  keywords     = {social, network},
  url          = {https://steem.io/},
  urldate      = {2018-01-16},
}

@Misc{w:reddit,
  title        = {Reddit},
  howpublished = {online},
  keywords     = {board, discussion, forum},
  url          = {https://www.reddit.com/},
  urldate      = {2017-12-10},
}

@Misc{w:bitinfocharts,
  title        = {BitInfoCharts},
  howpublished = {online},
  keywords     = {charts, blockchain},
  url          = {https://bitinfocharts.com/},
  urldate      = {2017-12-22},
}

@Misc{w:quorum-jpmorgan,
  title        = {Quorum – J.P. Morgan},
  howpublished = {online},
  keywords     = {software, project, blockchain},
  url          = {https://www.jpmorgan.com/global/Quorum},
  urldate      = {2017-12-12},
}

@Misc{w:bigchaindb:github,
  title        = {BigchainDB Repository auf Github},
  howpublished = {online},
  keywords     = {software, project, blockchain},
  url          = {https://github.com/bigchaindb/bigchaindb},
  urldate      = {2017-12-12},
}

@Misc{w:hyperledger-fabric:github,
  title        = {Hyperledger Fabric Repository auf Github},
  howpublished = {online},
  keywords     = {software, project, blockchain},
  url          = {https://github.com/hyperledger/fabric},
  urldate      = {2017-12-12},
}

@Misc{w:quorum-jpmorgan:github,
  title        = {Quorum Repository auf Github},
  howpublished = {online},
  keywords     = {software, project, blockchain},
  url          = {https://github.com/jpmorganchase/quorum},
  urldate      = {2017-12-12},
}

@Misc{w:bitlicense,
  title        = {BitLicense Regulatory Framework},
  howpublished = {online},
  keywords     = {license},
  url          = {http://www.dfs.ny.gov/legal/regulations/bitlicense_reg_framework.htm},
  urldate      = {2017-12-02},
}

@Misc{w:archive,
  title        = {Internet Archive: Wayback Machine},
  howpublished = {online},
  keywords     = {archive, search, backup, redundancy},
  url          = {http://archive.org/web/},
  urldate      = {2018-01-16},
}

@Misc{w:lexika-econimics,
  title        = {Gabler Wirtschaftslexikon},
  howpublished = {online},
  keywords     = {Wirtschaft, Lexikon, Nachschlagewerk, Bedeutung},
  url          = {http://wirtschaftslexikon.gabler.de/},
  urldate      = {2018-01-16},
}

@Misc{p:pos:ouroboros,
  author       = {Kiayias, Aggelos and Russell, Alexander and David, Bernardo and Oliynykov, Roman},
  title        = {Ouroboros: A Provably Secure Proof-of-Stake Blockchain Protocol},
  howpublished = {online},
  month        = aug,
  year         = {2017},
  keywords     = {blockchain, consensus, proof, stake},
  note         = {Überarbeitete Version},
  url          = {https://eprint.iacr.org/2016/889.pdf},
  file         = {PDF:/Quellen/Ouroboros-PoS.pdf:PDF;PDF:/Quellen/Ouroboros-PoS.pdf-sep2016.pdf:PDF},
  urldate      = {2017-12-20},
}

@Misc{p:eea,
  author       = {Baker, Aaron D.},
  title        = {EEA2.28},
  howpublished = {online},
  month        = feb,
  year         = {2017},
  keywords     = {blockchain, enterprise, ethereum, alliance, company, collaboration, development},
  url          = {https://entethalliance.org/wp-content/uploads/2017/02/EEA.pdf},
  file         = {PDF:/Quellen/EEA.pdf:PDF},
  urldate      = {2018-01-16},
}

@Misc{p:tendermint,
  author       = {Kwon, Jae},
  title        = {Tendermint: Consensus without Mining},
  howpublished = {online},
  year         = {2014},
  keywords     = {blockchain, consensus, proof, stake, delegated},
  url          = {https://cdn.relayto.com/media/files/LPgoWO18TCeMIggJVakt_tendermint.pdf},
  file         = {PDF:/Quellen/tendermint0.6.pdf:PDF},
  urldate      = {2017-12-21},
}

@Misc{w:ipdb-foundation,
  author       = {McMullen, Greg},
  title        = {Announcing the IPDB Foundation Board of Directors},
  howpublished = {online},
  month        = apr,
  year         = {2017},
  keywords     = {ipdb, foundation, bigchaindb, blockchain},
  url          = {https://medium.com/ipdb-blog/announcing-the-ipdb-foundation-board-of-directors-cc83b160c4ea},
  urldate      = {2018-01-16},
}

@Misc{w:neo-whitepaper,
  title        = {NEO White Paper},
  howpublished = {online},
  year         = {2017},
  keywords     = {blockchain, neo, antshares},
  url          = {http://docs.neo.org/en-us/index.html},
  urldate      = {2017-12-06},
}

@Misc{p:bigchaindb,
  author       = {McConaghy, Trent and Marques, Rodolphe and Müller, Andreas and De Jonghe, Dimitri and McConaghy, Troy and McMullen, Greg and Henderson, Ryan and Bellemare, Sylvain and Granzotto, Alberto},
  title        = {BigchainDB: A Scalable Blockchain Database},
  howpublished = {online},
  month        = feb,
  year         = {2016},
  pages        = {66},
  keywords     = {blockchain, enterprise, bigchaindb},
  note         = {Aktualisierte Version vom 23.10.2017},
  urldate      = {2017-12-04},
  url          = {https://www.bigchaindb.com/whitepaper/bigchaindb-whitepaper.pdf},
  file         = {PDF:/Quellen/bigchaindb-whitepaper.pdf:PDF},
}

@Article{b:bigdata-walter,
  author    = {Walker, Saint John},
  title     = {Big Data: A Revolution That Will Transform How We Live, Work, and Think},
  journal   = {International Journal of Advertising},
  year      = {2014},
  volume    = {33},
  number    = {1},
  pages     = {181-183},
  doi       = {10.2501/IJA-33-1-181-183},
  eprint    = {https://doi.org/10.2501/IJA-33-1-181-183},
  publisher = {Routledge},
  url       = {https://doi.org/10.2501/IJA-33-1-181-183},
}

@Comment{jabref-meta: databaseType:bibtex;}
